@misc{example,
	title = {Example reference, please delete me},
	howpublished = {\url{http://www.example.com}},
	note = {Accessed: 2015-05-08}
}

@manual{dsp-refman,
author = {Texas Instruments Incorporated},
title = {TMS320C64x/C64x+ DSP CPU and Instruction Set Reference},
date = {July, 2010},
language = {English}
}
